<record><leader>00000cas a22000007i 4500</leader><controlfield tag="001">427420996</controlfield><controlfield tag="006">m     o  d        </controlfield><controlfield tag="007">cr |n|||||||||</controlfield><controlfield tag="008">860418c19039999nmudn neo     0   a0eng d</controlfield><datafield ind1=" " ind2=" " tag="010"><subfield code="a">  2015218753</subfield></datafield><datafield ind1=" " ind2=" " tag="040"><subfield code="a">CO3</subfield><subfield code="b">eng</subfield><subfield code="c">CO3</subfield><subfield code="d">OCLCQ</subfield><subfield code="d">OCLCO</subfield><subfield code="d">DLC</subfield><subfield code="d">OCLCF</subfield></datafield><datafield ind1="0" ind2=" " tag="022"><subfield code="a">2379-0237</subfield><subfield code="2">1</subfield></datafield><datafield ind1="1" ind2=" " tag="029"><subfield code="a">NZ1</subfield><subfield code="b">16179546</subfield></datafield><datafield ind1=" " ind2=" " tag="042"><subfield code="a">msc</subfield><subfield code="a">nsdp</subfield></datafield><datafield ind1=" " ind2=" " tag="043"><subfield code="a">n-us-nm</subfield></datafield><datafield ind1="1" ind2="0" tag="050"><subfield code="a">ISSN RECORD</subfield></datafield><datafield ind1="0" ind2="0" tag="082"><subfield code="a">071</subfield><subfield code="2">23</subfield></datafield><datafield ind1=" " ind2="4" tag="222"><subfield code="a">The Roswell daily record</subfield><subfield code="b">(Online)</subfield></datafield><datafield ind1="0" ind2="4" tag="245"><subfield code="a">The Roswell daily record.</subfield></datafield><datafield ind1=" " ind2="1" tag="264"><subfield code="a">Roswell, New Mexico :</subfield><subfield code="b">[H. F. M. Bear],</subfield><subfield code="c">1903-</subfield></datafield><datafield ind1=" " ind2=" " tag="300"><subfield code="a">1 online resource</subfield></datafield><datafield ind1=" " ind2=" " tag="310"><subfield code="a">Daily (except Sat.)</subfield></datafield><datafield ind1=" " ind2=" " tag="336"><subfield code="a">text</subfield><subfield code="b">txt</subfield><subfield code="2">rdacontent</subfield></datafield><datafield ind1=" " ind2=" " tag="337"><subfield code="a">computer</subfield><subfield code="b">c</subfield><subfield code="2">rdamedia</subfield></datafield><datafield ind1=" " ind2=" " tag="338"><subfield code="a">online resource</subfield><subfield code="b">cr</subfield><subfield code="2">rdacarrier</subfield></datafield><datafield ind1="1" ind2=" " tag="362"><subfield code="a">Began with vol. 1, no. [143] (September 1, 1903).</subfield></datafield><datafield ind1=" " ind2=" " tag="580"><subfield code="a">Weekly ed.: Roswell record, 1903-June 9, 1911.</subfield></datafield><datafield ind1=" " ind2=" " tag="580"><subfield code="a">Semiweekly ed.: Roswell record, June 13, 1911-&lt;Oct. 21, 1913&gt;.</subfield></datafield><datafield ind1=" " ind2=" " tag="588"><subfield code="a">Description based on: Vol. 1, no. [143] (September 1, 1903); title from masthead (Chroniclingamerica.loc.gov, viewed May 6, 2015).</subfield></datafield><datafield ind1=" " ind2=" " tag="588"><subfield code="a">Latest issue consulted: Volume 8, number 101 (June 30, 1910) (Chroniclingamerica.loc.gov, viewed May 6, 2015).</subfield></datafield><datafield ind1=" " ind2="0" tag="651"><subfield code="a">Roswell (N.M.)</subfield><subfield code="v">Newspapers.</subfield></datafield><datafield ind1=" " ind2="0" tag="651"><subfield code="a">Chaves County (N.M.)</subfield><subfield code="v">Newspapers.</subfield></datafield><datafield ind1=" " ind2="0" tag="655"><subfield code="a">Electronic journals.</subfield></datafield><datafield ind1=" " ind2="7" tag="655"><subfield code="a">Newspapers.</subfield><subfield code="2">fast</subfield><subfield code="0">(OCoLC)fst01423814</subfield></datafield><datafield ind1=" " ind2="7" tag="655"><subfield code="a">Periodicals.</subfield><subfield code="2">fast</subfield><subfield code="0">(OCoLC)fst01411641</subfield></datafield><datafield ind1=" " ind2="7" tag="651"><subfield code="a">New Mexico</subfield><subfield code="z">Chaves County.</subfield><subfield code="2">fast</subfield><subfield code="0">(OCoLC)fst01210042</subfield></datafield><datafield ind1=" " ind2="7" tag="651"><subfield code="a">New Mexico</subfield><subfield code="z">Roswell.</subfield><subfield code="2">fast</subfield><subfield code="0">(OCoLC)fst01210823</subfield></datafield><datafield ind1="2" ind2=" " tag="710"><subfield code="a">NewsBank, inc.</subfield></datafield><datafield ind1=" " ind2=" " tag="752"><subfield code="a">United States</subfield><subfield code="b">New Mexico</subfield><subfield code="c">Chaves</subfield><subfield code="d">Roswell.</subfield></datafield><datafield ind1="0" ind2=" " tag="775"><subfield code="t">Roswell record</subfield></datafield><datafield ind1="0" ind2="8" tag="776"><subfield code="i">Originally issued in print:</subfield><subfield code="t">Roswell daily record</subfield><subfield code="x">2379-0210</subfield><subfield code="w">(DLC)sn 86063823</subfield><subfield code="w">(OCoLC)13454297</subfield></datafield><datafield ind1="0" ind2="0" tag="780"><subfield code="t">Roswell morning record</subfield></datafield><datafield ind1="0" ind2="5" tag="780"><subfield code="t">Roswell evening news</subfield></datafield><datafield ind1="0" ind2="5" tag="780"><subfield code="t">Roswell morning dispatch</subfield></datafield><datafield ind1="4" ind2="0" tag="856"><subfield code="u">http://0-infoweb.newsbank.com.nell.boulder.lib.co.us/?db=RDRB</subfield><subfield code="z">Full text for BPL patrons from America's Newspapers: 01/02/2002 to present</subfield></datafield><datafield ind1="4" ind2="0" tag="856"><subfield code="u">http://www.loc.gov/chroniclingamerica/lccn/sn86063823/issues</subfield></datafield></record>